@article{li2023preplanned,
  author = {Haijiao Li and other authors},
  title = {Preplanned Studies: Mushroom Poisoning Outbreaks â€” China, 2022},
  journal = {China CDC Weekly},
  year = {2023},
  doi = {10.46234/ccdcw2023.009},
  url = {https://weekly.chinacdc.cn/en/article/doi/10.46234/ccdcw2023.009},
  note = {Accessed: 7 Dec. 2023}
}

@dataset{zohaib2023mushroom,
  author = {Dev Zohaib},
  title = {Mushroom Edibility Classification},
  year = {2023},
  publisher = {Kaggle},
  howpublished = {\url{https://www.kaggle.com/datasets/devzohaib/mushroom-edibility-classification}},
  note = {Accessed: 7 Dec. 2023}
}

@misc{payne2023mushroom,
  author = {Levi Payne},
  title = {Mushroom Edibility Classification XGBoost},
  year = {2023},
  howpublished = {\url{https://www.kaggle.com/code/levipayne/mushroom-edibility-classification-xgboost}},
  note = {Accessed: 7 Dec. 2023}
}

@misc{arga2023mushroom,
  author = {Lucas Arga},
  title = {Mushroom Edibility Classification},
  year = {2023},
  howpublished = {\url{https://www.kaggle.com/code/lucasfca/mushroom-edibility-classification#Conclusion}},
  note = {Accessed: 7 Dec. 2023}
}
